% Copyright (c) 2017, Gabriel Hjort Blindell <ghb@kth.se>
%
% This work is licensed under a Creative Commons 4.0 International License (see
% LICENSE file or visit <http://creativecommons.org/licenses/by/4.0/> for a copy
% of the license).

@inproceedings{CastanedaLozanoEtAl:2013:M-SCOPES,
  author    = {Casta\~{n}eda Lozano, Robert and Hjort Blindell, Gabriel and
               Carlsson, Mats and Drejhammar, Frej and Schulte, Christian},
  title     = {Constraint-based Code Generation},
  booktitle = {Proceedings of M-SCOPES'13},
  year      = {2013},
  publisher = {Springer},
  pages     = {93--95},
}

@inproceedings{CastanedaLozanoEtAl:2014:LCTES,
  author    = {Casta\~{n}eda Lozano, Robert and Carlsson, Mats and
               Hjort Blindell, Gabriel and Schulte, Christian},
  booktitle = {Proceedings of LCTES'14},
  title     = {Combinatorial Spill Code Optimization and Ultimate Coalescing},
  pages     = {23--32},
  publisher = {ACM},
  year      = {2014},
}

@inproceedings{CastanedaLozanoEtAl:2016:CC,
  author    = {Casta\~{n}eda Lozano, Robert and Carlsson, Mats and
               Hjort Blindell, Gabriel and Schulte, Christian},
  title     = {Register Allocation and Instruction Scheduling in Unison},
  booktitle = {Proceedings of CC'16},
  pages     = {263--264},
  publisher = {ACM},
  year      = {2016},
}

@techreport{HjortBlindell:2013:Survey,
  author      = {Hjort Blindell, Gabriel},
  title       = {Survey on Instruction Selection: An Extensive and Modern
                 Literature Study},
  note        = {ISBN: 978-91-7501-898-0},
  institution = {KTH Royal Institute of Technology},
  location    = {Stockholm, Sweden},
  year        = {2013},
}

@inproceedings{HjortBlindellEtAl:2015:CP,
  author    = {Hjort Blindell, Gabriel and Casta\~{n}eda Lozano, Robert and
               Carlsson, Mats and Schulte, Christian},
  title     = {Modeling Universal Instruction Selection},
  booktitle = {Proceedings of CP'15},
  pages     = {609--626},
  publisher = {Springer},
  year      = {2015},
}

@book{HjortBlindell:2016:Survey,
  author    = {Hjort Blindell, Gabriel},
  title     = {Instruction Selection: Principles, Methods, and Applications},
  isbn      = {978-3-319-34017-3},
  publisher = {Springer},
  year      = {2016},
}

@incollection{HjortBlindellEtAl:2016:FDL,
  author    = {Hjort Blindell, Gabriel and Menne, Christian and Sander, Ingo},
  title     = {Synthesizing Code for GPGPUs from Abstract Formal Models},
  booktitle = {Languages, Design Methods, and Tools for Electronic System
               Design},
  pages     = {115--134},
  publisher = {Springer},
  series    = {Lecture Notes in Electrical Engineering},
  volume    = {361},
  year      = {2016},
}

@inproceedings{HjortBlindellEtAl:2017:CASES,
  author    = {Hjort Blindell, Gabriel and Carlsson, Mats and
               Casta\~{n}eda Lozano, Robert and Schulte, Christian},
  title     = {Complete and Practical Univeral Instruction Selection},
  booktitle = {Proceedings of CASES'17},
  pages     = {??--??},
  publisher = {ACM},
  year      = {2017},
}